@String(PAMI = {IEEE Trans. Pattern Anal. Mach. Intell.})
@String(IJCV = {Int. J. Comput. Vis.})
@String(CVPR= {IEEE Conf. Comput. Vis. Pattern Recog.})
@String(ICCV= {Int. Conf. Comput. Vis.})
@String(ECCV= {Eur. Conf. Comput. Vis.})
@String(NIPS= {Adv. Neural Inform. Process. Syst.})
@String(ICPR = {Int. Conf. Pattern Recog.})
@String(BMVC= {Brit. Mach. Vis. Conf.})
@String(TOG= {ACM Trans. Graph.})
@String(TIP  = {IEEE Trans. Image Process.})
@String(TVCG  = {IEEE Trans. Vis. Comput. Graph.})
@String(TMM  = {IEEE Trans. Multimedia})
@String(ACMMM= {ACM Int. Conf. Multimedia})
@String(ICME = {Int. Conf. Multimedia and Expo})
@String(ICASSP=	{ICASSP})
@String(ICIP = {IEEE Int. Conf. Image Process.})
@String(ACCV  = {ACCV})
@String(ICLR = {Int. Conf. Learn. Represent.})
@String(IJCAI = {IJCAI})
@String(PR   = {Pattern Recognition})
@String(AAAI = {AAAI})
@String(CVPRW= {IEEE Conf. Comput. Vis. Pattern Recog. Worksh.})
@String(CSVT = {IEEE Trans. Circuit Syst. Video Technol.})

@String(SPL	= {IEEE Sign. Process. Letters})
@String(VR   = {Vis. Res.})
@String(JOV	 = {J. Vis.})
@String(TVC  = {The Vis. Comput.})
@String(JCST  = {J. Comput. Sci. Tech.})
@String(CGF  = {Comput. Graph. Forum})
@String(CVM = {Computational Visual Media})


@String(PAMI  = {IEEE TPAMI})
@String(IJCV  = {IJCV})
@String(CVPR  = {CVPR})
@String(ICCV  = {ICCV})
@String(ECCV  = {ECCV})
@String(NIPS  = {NeurIPS})
@String(ICPR  = {ICPR})
@String(BMVC  =	{BMVC})
@String(TOG   = {ACM TOG})
@String(TIP   = {IEEE TIP})
@String(TVCG  = {IEEE TVCG})
@String(TCSVT = {IEEE TCSVT})
@String(TMM   =	{IEEE TMM})
@String(ACMMM = {ACM MM})
@String(ICME  =	{ICME})
@String(ICASSP=	{ICASSP})
@String(ICIP  = {ICIP})
@String(ACCV  = {ACCV})
@String(ICLR  = {ICLR})
@String(IJCAI = {IJCAI})
@String(PR = {PR})
@String(AAAI = {AAAI})
@String(CVPRW= {CVPRW})
@String(CSVT = {IEEE TCSVT})



@misc{Authors14,
 author = {TensorFlow},
 title = {"Pose Estimation with TensorFlow with TensorFlow Lite"},
 year = {2024},
 note = {Available: https://www.tensorflow.org/lite/examples/pose_estimation/overview}
}

@misc{Authors14b,
 author = {OpenCV},
 title = {"Open Source Computer Vision Library"},
 year = {2024},
 note = {Available: https://orpencv/org/}
}

@article{Alpher02,
author = {B.B. Armor, J. Su, A. Srivastava},
title = {"Action Recognition Using Rate-Invariant Analysis of Skeletal Shape Trajectories"},
journal = {IEEE Transactions on Pattern Analysis and Machine Intelligence},
volume = {38},
number = {1},
pages = {1-13},
year = {2016}
}

@article{Alpher03,
author = {A.Mumuni, F. Mumuni},
title = {"Data augmentation: A comprehensive survey of modern approaches"},
journal = {Elsevier},
volume = {16},
number = {1},
year = {2022}
}

@article{Alpher04,
author = {F. Baradel},
title = {"Structured deep learning for video analysis"},
journal =  {Ph.D.dissertation},
department = {Dept. of Computer Science},
Uniersity =  {Universit√© de Lyon},
year = {2004}
}

@article{Alpher05,
author = {Y. Pang, Y. Niu},
title = {"Dance Video Motion Recognition Based on Computer Vision and Image Processing"},
journal = {Applied Artificial Intelligence},
volume = {37},
number = {1},
year = {2023}
}

@misc{Authors14c,
 author = {V. Buwaneka, A. Samadder, K. Sharma},
 title = {"DanceVideo"},
 year = {2023},
 note = {Available: https://devpost.com/software/dancepal}
}
@misc{Authors14d,
 author = {C. Chan, S. Ginosar, T. Zhou, A. Efros},
 title = {"Everybody Dance Now"},
 year = {2019},
 note = {https://carolineec.github.io/everybody_dance_now/}
}

@article{Alpher06,
author = {M. Yang, Z. He},
title = {"Dance Action Recognition Model Using Deep Learning Network in Streaming Media Environment"},
journal = {PMC},
year = {2022}
}

@misc{Authors14f,
 author = {Y. Jafarian, H. Park},
 title = {"Learning High Fidelity Depths of Dressed Humand by Watching Social Media Dance Videos"},
 year = {2021},
 note = {Available: https://www.yasamin.page/hdnet_tiktok}
}
